@Manual{shinym,
  title = {shiny: Web Application Framework for R},
  author = {Winston Chang and Joe Cheng and JJ Allaire and Carson Sievert and Barret Schloerke and Yihui Xie and Jeff Allen and Jonathan McPherson and Alan Dipert and Barbara Borges},
  year = {2023},
  note = {R package version 1.7.4.9001},
  url = {https://shiny.rstudio.com/},
}


@article{As85,
	Author = {Asimov, D.},
	Journal = {SIAM Journal of Scientific and Statistical Computing},
	Number = {1},
	Pages = {128--143},
	Title = {{T}he {G}rand {T}our: {A} {T}ool for {V}iewing {M}ultidimensional {D}ata},
	Volume = {6},
	Year = 1985,
	doi = {https://doi.org/10.1137/0906011}
}



@incollection{BCAH05,
title = "14 - Computational Methods for High-Dimensional Rotations in Data Visualization",
editor = "C.R. Rao and E.J. Wegman and J.L. Solka",
series = "Handbook of Statistics",
publisher = "Elsevier",
volume = "24",
pages = "391 - 413",
year = "2005",
booktitle = "Data Mining and Data Visualization",
issn = "0169-7161",
doi = "https://doi.org/10.1016/S0169-7161(04)24014-7",
url = "http://www.sciencedirect.com/science/article/pii/S0169716104240147",
author = "Andreas Buja and Dianne Cook and Daniel Asimov and Catherine Hurley"
}

@Article{tourr,
    title = {{tourr}: An {R} Package for Exploring Multivariate Data with Projections},
    author = {Hadley Wickham and Dianne Cook and Heike Hofmann and Andreas Buja},
    journal = {Journal of Statistical Software},
    year = {2011},
    volume = {40},
    number = {2},
    pages = {1--18},
    url = {http://www.jstatsoft.org/v40/i02/},
    doi = {http://dx.doi.org/10.18637/jss.v040.i02}
}

@Manual{rref,
    title = {R: A Language and Environment for Statistical Computing},
    author = {{R Core Team}},
    organization = {R Foundation for Statistical Computing},
    address = {Vienna, Austria},
    year = {2018},
    url = {https://www.R-project.org/},
  }

@Manual{geozoo,
    title = {geozoo: Zoo of Geometric Objects},
    author = {Barret Schloerke},
    year = {2016},
    note = {R package version 0.5.1},
    url = {https://CRAN.R-project.org/package=geozoo},
  }

@article{prosection,
 ISSN = {10618600},
 URL = {http://www.jstor.org/stable/1390897},
 author = {George W. Furnas and Andreas Buja},
 journal = {Journal of Computational and Graphical Statistics},
 number = {4},
 pages = {323--353},
 publisher = {[American Statistical Association, Taylor & Francis, Ltd., Institute of Mathematical Statistics, Interface Foundation of America]},
 title = {Prosection Views: Dimensional Inference through Sections and Projections},
 volume = {3},
 year = {1994},
 doi = {10.1080/10618600.1994.10474649}
}

@article{JSSv081i05,
   author = {Mark O'Connell and Catherine Hurley and Katarina Domijan},
   title = {Conditional Visualization for Statistical Models: An Introduction to the condvis Package in R},
   journal = {Journal of Statistical Software, Articles},
   volume = {81},
   number = {5},
   year = {2017},
   keywords = {interactive; graphics; regression; classification; blackbox models},
   issn = {1548-7660},
   pages = {1--20},
   doi = {10.18637/jss.v081.i05},
   url = {https://www.jstatsoft.org/v081/i05}
}

@article{ggobiCSDA2003,
 author = "Deborah F. Swayne and Duncan {Temple Lang} and Andreas
   Buja and Dianne Cook",
 title = "{GG}obi: evolving from {XG}obi into an extensible framework
   for interactive data visualization",
 journal = "Computational Statistics \& Data Analysis",
 volume = 43,
 year = 2003,
 pages = "423--444",
 doi = {https://doi.org/10.1016/S0167-9473(02)00286-4}
}

@ARTICLE{locus,
title = {Metric family portraits},
author = {Furnas, George},
year = {1989},
journal = {Journal of Classification},
volume = {6},
number = {1},
pages = {7-52},
keywords = {Metric space; Distance matrices; High-dimensional graphics},
doi = {10.1007/BF01908587}
}

@article{sam.11271,
author = {Wickham, Hadley and Cook, Dianne and Hofmann, Heike},
title = {Visualizing statistical models: Removing the blindfold},
journal = {Statistical Analysis and Data Mining: The ASA Data Science Journal},
volume = {8},
number = {4},
pages = {203-225},
keywords = {model visualization, exploratory data analysis, data mining, classification, high-dimensional data},
doi = {10.1002/sam.11271},
url = {https://onlinelibrary.wiley.com/doi/abs/10.1002/sam.11271},
eprint = {https://onlinelibrary.wiley.com/doi/pdf/10.1002/sam.11271},
year = {2015}
}

@misc{pollen,
  year = 1986,
  author = {David Coleman},
  title="Geometric Features of Pollen Grains",
  howpublished={\url{http://lib.stat.cmu.edu/data-expo/}}
}

@article{mds,
  author={Kruskal, J.B. and Wish, M.},
  year=1978,
  title={Multidimensional Scaling},
  journal={Sage University Paper Series on Quantitative Applications in the Social Sciences},
  volume={No. 07-011},
  publisher={Sage Publications},
  address={Newbury Park},
  doi={\url{http://dx.doi.org/10.4135/9781412985130}}
}

@article{tsne,
  year=2008,
  author={{van der Maaten}, L. and Hinton, G.},
  title={Visualizing Data using t-SNE},
  journal={Journal of Machine Learning Research},
  volume=9, issue={Nov},
  pages={2579--2605}
}

@Misc{asuncion:2007,
  author  = {Asuncion, A. and Newman, D.J.},
  title   = {{UCI} Machine Learning Repository},
  institution={University of California, Irvine, School of Information and
            Computer Sciences},
  url     = {http://www.ics.uci.edu/~mlearn/MLRepository.html},
  year    = {2007},
  bdsk-url-2={http://www.ics.uci.edu/~mlearn/MLRepository.html}
}

@article{SCB98,
	Author = {Swayne, D. F. and Cook, D. and Buja, A.},
	Journal = {Journal of Computational and Graphical Statistics},
	Number = 1,
	Pages = {113--130},
	Title = {{XG}obi: {I}nteractive {D}ynamic {G}raphics in the
                  {X} {W}indow {S}ystem},
	Volume = 7,
	Year = 1998,
	doi = {10.1080/10618600.1998.10474764}
}

@book{knitr,
  title = {Dynamic Documents with {R} and knitr},
  author = {Yihui Xie},
  publisher = {Chapman and Hall/CRC},
  address = {Boca Raton, Florida},
  year = {2015},
  edition = {2nd},
  url = {https://yihui.name/knitr/},
}

@book{rmarkdown,
  author={Yihui Xie and Joseph J. Allaire and Garrett Grolemund},
  year=2018,
  title={R  Markdown: The Definitive Guide},
  publisher={Chapman and Hall/CRC},
  url={https://bookdown.org/yihui/rmarkdown}
}

@article{lee2021,
	title        = {Advanced {Review}: {The} {State}-of-the-{Art} on {Tours} for {Dynamic} {Visualization} of {High}-dimensional {Data}},
	author       = {Lee, Stuart and Cook, Dianne and {da Silva}, Natalia and Laa, Ursula and Wang, Earo and Spyrison, Nick and Zhang, H. Sherry},
	year         = 2022,
	journal      = {WIREs Computational Statistics},
	doi = {https://doi.org/10.1002/wics.1573},
url = {https://wires.onlinelibrary.wiley.com/doi/abs/10.1002/wics.1573},
  volume = {14},
  number = {4},
  pages = {e1573}
}

@article{spyrison_spinifex_2020,
	title        = {spinifex: an {R} {Package} for {Creating} a {Manual} {Tour} of {Low}-dimensional {Projections} of {Multivariate} {Data}},
	shorttitle   = {spinifex},
	author       = {Spyrison, Nicholas and Cook, Dianne},
	year         = 2020,
	journal      = {The R Journal},
	volume       = 12,
	number       = 1,
	pages        = 243,
	doi          = {10.32614/RJ-2020-027},
	issn         = {2073-4859},
	url          = {https://journal.r-project.org/archive/2020/RJ-2020-027/index.html},
	copyright    = {All rights reserved},
	language     = {en},
}

@article{cook_manual_1997,
	title        = {Manual {Controls} for {High}-{Dimensional} {Data} {Projections}},
	author       = {Cook, Dianne and Buja, Andreas},
	year         = 1997,
	journal      = {Journal of Computational and Graphical Statistics},
	volume       = 6,
	number       = 4,
	pages        = {464--480},
	doi          = {10.2307/1390747},
	issn         = {1061-8600},
	url          = {http://www.jstor.org/stable/1390747},
}

@incollection{tukey,
  year = 1974,
  author = {M.A. Fisherkeller and J.H. Friedman and J.W. Tukey},
  title = {{PRIM-9}, an interactive multidimensional data display and analysis system},
  booktitle = {The Collected Works of John W. Tukey: Graphics 1965-1985, Volume V},
  editor = {William S. Cleveland},
  pages = {340--346}
}

@misc{ASA22,
  author="{ASA Statistical Graphics Section}",
  title="Video {L}ibrary",
  year=2022,
  howpublished={\url{https://community.amstat.org/jointscsg-section/media/videos}}
}

@manual{penguins,
    title = {palmerpenguins: Palmer Archipelago (Antarctica) penguin data},
    author = {Allison Marie Horst and Alison Presmanes Hill and Kristen B Gorman},
    year = {2020},
    note = {R package version 0.1.0},
    url = {https://allisonhorst.github.io/palmerpenguins/},
  }

@Manual{classifly,
    title = {classifly: Explore Classification Models in High Dimensions},
    author = {Hadley Wickham},
    year = {2022},
    note = {R package version 0.4.1},
    url = {https://CRAN.R-project.org/package=classifly},
  }


@article{slicetour,
	author = {Ursula Laa and Dianne Cook and German Valencia},
	doi = {10.1080/10618600.2020.1777140},
	eprint = {https://doi.org/10.1080/10618600.2020.1777140},
	journal = {Journal of Computational and Graphical Statistics},
	number = {3},
	pages = {681-687},
	publisher = {Taylor & Francis},
	title = {A Slice Tour for Finding Hollowness in High-Dimensional Data},
	url = {https://doi.org/10.1080/10618600.2020.1777140},
	volume = {29},
	year = {2020},
	bdsk-url-1 = {https://doi.org/10.1080/10618600.2020.1777140}}


@article{sectionpursuit,
	author = {Ursula Laa and Dianne Cook and Andreas Buja and German Valencia},
	doi = {10.1080/10618600.2022.2035230},
	eprint = {https://doi.org/10.1080/10618600.2022.2035230},
	journal = {Journal of Computational and Graphical Statistics},
	number = {0},
	pages = {1-14},
	publisher = {Taylor & Francis},
	title = {Hole or Grain? A Section Pursuit Index for Finding Hidden Structure in Multiple Dimensions},
	url = {https://doi.org/10.1080/10618600.2022.2035230},
	volume = {0},
	year = {2022},
	bdsk-url-1 = {https://doi.org/10.1080/10618600.2022.2035230}}

@article{sam11271,
author = {Wickham, Hadley and Cook, Dianne and Hofmann, Heike},
title = {Visualizing statistical models: Removing the blindfold},
journal = {Statistical Analysis and Data Mining: The ASA Data Science Journal},
volume = {8},
number = {4},
pages = {203-225},
keywords = {model visualization, exploratory data analysis, data mining, classification, high-dimensional data},
doi = {10.1002/sam.11271},
url = {https://onlinelibrary.wiley.com/doi/abs/10.1002/sam.11271},
eprint = {https://onlinelibrary.wiley.com/doi/pdf/10.1002/sam.11271},
year = {2015}
}

@Book{ggplot2,
    author = {Hadley Wickham},
    title = {ggplot2: Elegant Graphics for Data Analysis},
    publisher = {Springer-Verlag New York},
    year = {2016},
    isbn = {978-3-319-24277-4},
    url = {https://ggplot2.tidyverse.org},
}

@article{GGally,
 URL = {http://www.jstor.org/stable/43304816},
 author = {John W. Emerson and Walton A. Green and Barret Schloerke and Jason Crowley and Dianne Cook and Heike Hofmann and Hadley Wickham},
 journal = {Journal of Computational and Graphical Statistics},
 number = {1},
 pages = {79--91},
 publisher = {[American Statistical Association, Taylor & Francis, Ltd., Institute of Mathematical Statistics, Interface Foundation of America]},
 title = {The Generalized Pairs Plot},
 urldate = {2022-07-14},
 volume = {22},
 year = {2013}
}

@Manual{Mathematica,
  author = {{Wolfram Research{,} Inc.}},
  title = {Mathematica, {V}ersion 13.1},
  url = {https://www.wolfram.com/mathematica},
  year = {2022},
  address = {Champaign, IL}
}


@article{condviz2,
	author = {Catherine B. Hurley and Mark O'Connell and Katarina Domijan},
	doi = {10.1080/10618600.2021.1983439},
	eprint = {https://doi.org/10.1080/10618600.2021.1983439},
	journal = {Journal of Computational and Graphical Statistics},
	number = {1},
	pages = {1-13},
	publisher = {Taylor & Francis},
	title = {Interactive Slice Visualization for Exploring Machine Learning Models},
	url = {https://doi.org/10.1080/10618600.2021.1983439},
	volume = {31},
	year = {2022},
	bdsk-url-1 = {https://doi.org/10.1080/10618600.2021.1983439}}

@Book{plotly,
  author = {Carson Sievert},
  title = {Interactive Web-Based Data Visualization with R, plotly, and shiny},
  publisher = {Chapman and Hall/CRC},
  year = {2020},
  isbn = {9781138331457},
  url = {https://plotly-r.com},
}

@Manual{rgl,
  title = {rgl: 3D Visualization Using OpenGL},
  author = {Duncan Murdoch and Daniel Adler},
  year = {2022},
  note = {R package version 0.109.6},
  url = {https://CRAN.R-project.org/package=rgl},
}

@article{cranvas,
 ISSN = {08834237, 21688745},
 author = {Yihui Xie and Heike Hofmann and Xiaoyue Cheng},
 journal = {Statistical Science},
 number = {2},
 pages = {201--213},
 publisher = {Institute of Mathematical Statistics},
 title = {Reactive Programming for Interactive Graphics},
 urldate = {2023-01-17},
 volume = {29},
 year = {2014}
}

@Manual{rJava,
  title = {rJava: Low-Level R to Java Interface},
  author = {Simon Urbanek},
  year = {2022},
  note = {R package version 1.0-8},
  url = {http://www.rforge.net/rJava/},
}

@Manual{langevitour,
  title = {langevitour: Langevin Tour},
  author = {Paul Harrison},
  year = {2022},
  note = {R package version 0.5},
  url = {https://CRAN.R-project.org/package=langevitour},
}

@Manual{detourr,
  title = {detourr: Portable and Performant Tour Animations},
  author = {Casper Hart and Earo Wang},
  year = {2022},
  note = {R package version 0.1.0},
  url = {https://CRAN.R-project.org/package=detourr},
}

@misc{PRIM9-video,
  year=1973,
  author={M.A. Fisherkeller and J.H. Friedman and J.W. Tukey},
  title={{PRIM-9}, an interactive multidimensional data display and analysis system},
  url={https://www.youtube.com/watch?v=B7XoW2qiFUA}
}

@misc{gt-pp-video,
  year=1993,
  author={Cook, D. and Buja, A. and Cabrera, J. and Swayne, D.},
  title={Grand Tour and Projection Pursuit},
  url={https://youtu.be/K4hq9ZMPpO8}
}

@misc{dataviewer,
  year=1987,
  author={Buja, A. and Tukey, P.},
  title={Dataviewer: A Program for Looking at Data in Several Dimensions},
  url={https://www.youtube.com/watch?v=U51-3oiaknM}
}
